%%% three blocks of entries: color, software, own

%% color

@Misc{color:Poynton:2000,
  author	= {Charles Poynton},
  title		= {Frequently-Asked Questions About Color},
  year		= {2000},
  howpublished	= {URL \url{http://www.poynton.com/ColorFAQ.html}}
}

@Misc{color:Wiki+CIEXYZ:2007,
  author	= {Wikipedia},
  title		= {{CIE} 1931 Color Space --- {W}ikipedia{,} The Free Encyclopedia},
  year		= {2007},  
  howpublished	= {URL \url{http://en.wikipedia.org/wiki/CIE_1931_color_space}}
}

@Misc{color:Wiki+CIELUV:2007,
  author	= {Wikipedia},
  title		= {{CIELUV} Color Space --- {W}ikipedia{,} The Free Encyclopedia},
  year		= {2007},  
  howpublished	= {URL \url{http://en.wikipedia.org/wiki/CIELUV_color_space}}
}

@Misc{color:Wiki+CIELAB:2007,
  author	= {Wikipedia},
  title		= {{Lab} Color Space --- {W}ikipedia{,} The Free Encyclopedia},
  year		= {2007},  
  howpublished	= {URL \url{http://en.wikipedia.org/wiki/Lab_color_space}}
}

@Misc{color:Wiki+HSV:2007,
  author	= {Wikipedia},
  title		= {{HSV} Color Space --- {W}ikipedia{,} The Free Encyclopedia},
  year		= {2007},  
  howpublished	= {URL \url{http://en.wikipedia.org/wiki/HSV_color_space}}
}

@Misc{color:Wiki+RGB:2007,
  author	= {Wikipedia},
  title		= {{RGB} Color Space --- {W}ikipedia{,} The Free Encyclopedia},
  year		= {2007},  
  howpublished	= {URL \url{http://en.wikipedia.org/wiki/RGB_color_space}}
}

@InProceedings{color:Brewer:1999,
  author	= {Cynthia A. Brewer},
  title		= {Color Use Guidelines for Data Representation},
  booktitle	= {Proceedings of the Section on Statistical Graphics,
  		   American Statistical Association},
  address	= {Alexandria, VA},
  year		= {1999},
  pages		= {55--60},
  url		= {http://www.personal.psu.edu/faculty/c/a/cab38/ColorSch/ASApaper.html}
}
  
@Article{color:Lumley:2006,
  author	= {Thomas Lumley},
  title		= {Color Coding and Color Blindness in Statistical Graphics},
  journal	= {ASA Statistical Computing \& Graphics Newsletter},
  year		= {2006},
  volume	= {17},
  number	= {2},
  pages		= {4--7},
  url		= {http://www.amstat-online.org/sections/graphics/newsletter/Volumes/v172.pdf}
}

@InProceedings{color:Ihaka:2003,
  author 	= {Ross Ihaka},
  title 	= {Colour for Presentation Graphics},
  booktitle	= {Proceedings of the 3rd International Workshop on Distributed
                   Statistical Computing, Vienna, Austria},
  editor	= {Kurt Hornik and Friedrich Leisch and Achim Zeileis},
  year		= {2003},
  url		= {http://www.ci.tuwien.ac.at/Conferences/DSC-2003/Proceedings/},
  note		= {{ISSN 1609-395X}},
}

@Book{color:Munsell:1905,
  author	= {Albert H. Munsell},
  title		= {A Color Notation},
  publisher	= {Munsell Color Company},
  year		= {1905},
  address	= {Boston, Massachusetts}
}  

@Article{color:Harrower+Brewer:2003,
  author	= {Mark A. Harrower and Cynthia A. Brewer},
  title		= {\textbf{ColorBrewer.org}: An Online Tool for Selecting Color Schemes for Maps},
  journal	= {The Cartographic Journal},
  year		= {2003},
  volume	= {40},
  pages		= {27--37},
  url		= {http://ColorBrewer.org/}
}
 
@Article{color:Cleveland+McGill:1983,
  author	= {William S. Cleveland and Robert McGill},
  title		= {A Color-caused Optical Illusion on a Statistical Graph},
  journal	= {The American Statistician},
  year		= {1983},
  volume	= {37},
  pages		= {101--105}
}

@Book{color:CIE:2004,
  author	= {{Commission Internationale de l'\'Eclairage}},
  title		= {Colorimetry},
  edition	= {3rd},
  publisher	= {Publication CIE 15:2004},
  address	= {Vienna, Austria},
  year		= {2004},
  note		= {{ISBN} 3-901-90633-9}
}

@InProceedings{color:Moretti+Lyons:2002,
  author	= {Giovanni Moretti and Paul Lyons},
  title		= {Tools for the Selection of Colour Palettes},
  booktitle	= {Proceedings of the New Zealand Symposium On Computer-Human Interaction (SIGCHI 2002)},
  address	= {University of Waikato, New Zealand},
  month		= {July},
  year		= {2002}
}

@Article{color:MacAdam:1942,
  author	= {D. L. MacAdam},
  title		= {Visual Sensitivities to Color Differences in Daylight},
  journal	= {Journal of the Optical Society of America},
  year		= {1942},
  volume	= {32},
  number 	= {5},
  pages		= {247--274}, 
}

@Book{color:Wyszecki+Stiles:2000,
  author	= {G\"unter Wyszecki and W. S. Stiles},
  title		= {Color Science},
  edition	= {2nd},
  publisher	= {Wiley},
  year		= {2000},
  note		= {{ISBN} 0-471-39918-3}
}

@Article{color:Smith:1978,
  author	= {Alvy Ray Smith},
  title		= {Color Gamut Transform Pairs},
  journal	= {Computer Graphics},
  pages		= {12--19},
  year		= {1978},
  volume	= {12},
  number	= {3},
  note		= {ACM SIGGRAPH 78 Conference Proceedings},
 url		= {http://www.alvyray.com/},
}

@Article{color:Meier+Spalter+Karelitz:2004,
  author	= {Barbara J. Meier and Anne Morgan Spalter and David B. Karelitz},
  title		= {Interactive Color Palette Tools},
  journal	= {{IEEE} Computer Graphics and Applications},
  volume	= {24},
  number	= {3},
  year		= {2004},
  pages		= {64--72},
 url		= {http://graphics.cs.brown.edu/research/color/}
}

@InCollection{color:Mollon:1995,
  author       = {J. Mollon},
  editor       = {T. Lamb and J. Bourriau},
  booktitle    = {Colour: Art and Science},
  title	       = {Seeing Color},
  publisher    = {Cambridge Univesity Press},
  year	       = 1995
}







%% software

@Manual{color:R:2007,
  title        = {\textsf{R}: {A} Language and Environment for Statistical Computing},
  author       = {{\textsf{R} Development Core Team}},
  organization = {\textsf{R} Foundation for Statistical Computing},
  address      = {Vienna, Austria},
  year         = {2007},
  note         = {{ISBN} 3-900051-07-0},
  url          = {http://www.R-project.org/}
}

@Article{color:Murrell:2002,
  author       = {Paul Murrell},
  title	       = {The \textbf{grid} Graphics Package},
  journal      = {\textsf{R} News},
  year	       = 2002,
  volume       = 2,
  number       = 2,
  pages	       = {14--19},
  month	       = {June},
  url	       = {http://CRAN.R-project.org/doc/Rnews/}
}

@Book{color:Murrell:2006,
  author       = {Paul Murrell},
  title	       = {\textsf{R} Graphics},
  publisher    = {Chapmann \& Hall/CRC},
  address      = {Boca Raton, Florida},
  year	       = {2006},
}

@Manual{color:Ihaka:2006,
  title 	= {\textbf{colorspace}: Colorspace Manipulation},
  author 	= {Ross Ihaka},
  year 		= {2006},
  note 		= {\textsf{R} package version 0.95}
}

@Manual{color:Meyer+Zeileis+Hornik:2006,
  title 	= {\textbf{vcd}: Visualizing Categorical Data},
  author 	= {David Meyer and Achim Zeileis and Kurt Hornik},
  year 		= {2006},
  note 		= {\textsf{R} package version 1.0-2}
}



%% own

@Article{color:Zeileis+Meyer+Hornik:2007,
  author	= {Achim Zeileis and David Meyer and Kurt Hornik},
  title		= {Residual-based Shadings for Visualizing (Conditional) Independence},
  journal	= {Journal of Computational and Graphical Statistics},
  year		= {2007},
  note		= {Forthcoming},
  url           = {http://statmath.wu-wien.ac.at/~zeileis/papers/Zeileis+Meyer+Hornik-2007.pdf}
}

@Article{color:Meyer+Zeileis+Hornik:2006b,
  author       = {David Meyer and Achim Zeileis and Kurt Hornik},
  title        = {The Strucplot Framework: Visualizing Multi-way
                  Contingency Tables with \textbf{vcd}},
  year	       = {2006},
  journal      = {Journal of Statistical Software},
  volume       = {17},
  number       = {3},
  pages	       = {1--48},
  url	       = {http://www.jstatsoft.org/v17/i03/}
}

@InCollection{color:Meyer+Zeileis+Hornik:2006a,
  author        = {David Meyer and Achim Zeileis and Kurt Hornik},
  title         = {Visualizing Contingency Tables},
  editor        = {Chun-Houh Chen and Wolfang H\"ardle and Antony
                   Unwin},
  booktitle     = {Handbook of Data Visualization},
  series        = {Springer Handbooks of Computational Statistics},
  year          = {2006},
  publisher     = {Springer-Verlag},
  address       = {New York},
  note          = {{ISBN} 3-540-33036-4, to appear}
}

@TechReport{color:Zeileis+Hornik:2006,
  author	= {Achim Zeileis and Kurt Hornik},
  title		= {Choosing Color Palettes for Statistical Graphics},
  institution	= {Department of Statistics and Mathematics, 
                   Wirtschaftsuniversit\"at Wien,
		   Research Report Series},
  year		= {2006},
  type		= {Report},
  number	= {41},
  month	        = {October},
  url		= {http://epub.wu-wien.ac.at/}
}
